@inproceedings{symboleo_paper,
  author = {Sharifi, Sepehr and Parvizimosaed, Alireza and Amyot, Daniel and Logrippo, Luigi and Mylopoulos, John},
  year   = {2020},
  month  = {08},
  pages  = {364-369},
  title  = {Symboleo: Towards a Specification Language for Legal Contracts},
  doi    = {10.1109/RE48521.2020.00049}
}